<record><leader>00000cas a22000007a 4500</leader><controlfield tag="001">14398812</controlfield><controlfield tag="008">861015d18961uuupaudn ne      0    0eng d</controlfield><datafield ind1=" " ind2=" " tag="010"><subfield code="a">sn 87079983 </subfield></datafield><datafield ind1=" " ind2=" " tag="040"><subfield code="a">NPH</subfield><subfield code="b">eng</subfield><subfield code="c">NPH</subfield><subfield code="d">OCLCQ</subfield></datafield><datafield ind1=" " ind2=" " tag="042"><subfield code="a">msc</subfield></datafield><datafield ind1="0" ind2="0" tag="245"><subfield code="a">Eagles Mere Chautauqua.</subfield></datafield><datafield ind1=" " ind2=" " tag="260"><subfield code="a">Eagles Mere, Sullivan County, Pa. :</subfield><subfield code="b">Eagles Mere Chautauqua, Inc.</subfield></datafield><datafield ind1=" " ind2=" " tag="300"><subfield code="a">v. ;</subfield><subfield code="c">35 cm.</subfield></datafield><datafield ind1=" " ind2=" " tag="310"><subfield code="a">Daily (except Sun.)</subfield></datafield><datafield ind1="1" ind2=" " tag="362"><subfield code="a">Began 1896?</subfield></datafield><datafield ind1=" " ind2=" " tag="500"><subfield code="a">Published at Hughesville, Pa. &lt;Aug. 7, 1896&gt;.</subfield></datafield><datafield ind1=" " ind2=" " tag="550"><subfield code="a">"Organ of the Chautauqua Assembly."</subfield></datafield><datafield ind1=" " ind2=" " tag="588"><subfield code="a">Description based on: Vol. 1, no. 5 (Aug. 7, 1896).</subfield></datafield><datafield ind1="2" ind2=" " tag="710"><subfield code="a">Eagles Mere Chautauqua.</subfield></datafield><datafield ind1=" " ind2=" " tag="752"><subfield code="a">United States</subfield><subfield code="b">Pennsylvania</subfield><subfield code="c">Sullivan</subfield><subfield code="d">Eagles Mere.</subfield></datafield><datafield ind1=" " ind2=" " tag="752"><subfield code="a">United States</subfield><subfield code="b">Pennsylvania</subfield><subfield code="c">Lycoming</subfield><subfield code="d">Hughesville.</subfield></datafield><datafield ind1="0" ind2="0" tag="785"><subfield code="t">Eagles Mere Chautauquan</subfield><subfield code="w">(DLC)sn 86081796</subfield></datafield><datafield ind1="1" ind2=" " tag="029"><subfield code="a">AU@</subfield><subfield code="b">000025810294</subfield></datafield></record>